@article{Allamanis2024UnsupervisedEO,
  title={Unsupervised Evaluation of Code {LLM}¨s with Round-Trip Correctness},
  author={Miltiadis Allamanis and Sheena Panthaplackel and Pengcheng Yin},
  journal={ArXiv},
  year={2024},
  volume={abs/2402.08699},
  url={https://api.semanticscholar.org/CorpusID:267657978}
}

@misc{Church:94,
  author = "Church, Kenneth W.",
  title = "Unix$^{TM}$ for Poets",
  note  = "Notes of a course from the European Summer School on Language and 
Speech Communication, Corpus Based Methods ",
  year        = 1994
}

@article{Colburn2007,
   author = {Timothy Colburn and Gary Shute},
   doi = {10.1007/s11023-007-9061-7},
   issn = {09246495},
   issue = {2},
   journal = {Minds and Machines},
   keywords = {Abstraction,Computer science,Information hiding,Mathematics},
   month = {7},
   pages = {169-184},
   title = {Abstraction in computer science},
   volume = {17},
   year = {2007},
}


@book{Erickson:19,
  author = "Erickson, Jeff",
  title = "Algorithms",
  publisher = "Independently published",
  howpublished = "\url{http://jeffe.cs.illinois.edu/teaching/algorithms}",
  year = "2019"
}

@book{Hey:14,
  author = "Hey, Tony and P\'apay, Gyuri",
  title = "The Computing Universe: A Journey through a Revolution",
  publisher = "Cambridge University Press",
  year = 2014
}

@book{Lewis:86,
  author = "Lewis, {D. K.}",
  title = "On the plurality of worlds",
  publisher = "Oxford: Basil Blackwell",
  year = 1986
}

@book{Peroni:19,
  author = "Peroni, Silvio",
  title = "Computational Thinking and Programming",
  howpublished = "\url{https://comp-think.github.io}",
  year = "2019"
}

@inproceedings{Repenning:16,
  author={Repenning, Alexander and Basawapatna, Ashok and Escherle, Nora},  
booktitle={2016 IEEE Symposium on Visual Languages and Human-Centric Computing 
(VL/HCC)},
  title={Computational thinking tools},
  year={2016},
  pages={218-222},
  doi={10.1109/VLHCC.2016.7739688}
}

@article{10.1093/mind/LIX.236.433,
    author = {Turing, A. M.},
    title = "{Computing Machinery and Intelligence}",
    journal = {Mind},
    volume = {LIX},
    number = {236},
    pages = {433-460},
    year = {1950},
    month = {10},
    issn = {0026-4423},
    doi = {10.1093/mind/LIX.236.433},
    url = {https://doi.org/10.1093/mind/LIX.236.433},
    eprint = 
{https://academic.oup.com/mind/article-pdf/LIX/236/433/30123314/lix-236-433.pdf}
}


@article{Wing2006,
	author = {Wing, Jeannette M.},
	title = {Computational thinking},
	year = {2006},
	issue_date = {March 2006},
	publisher = {Association for Computing Machinery},
	address = {New York, NY, USA},
	volume = {49},
	number = {3},
	issn = {0001-0782},
	doi = {10.1145/1118178.1118215},
	abstract = {It represents a universally applicable attitude and skill set 
	everyone, not just computer scientists, would be eager to learn and use.},
	journal = {Communications of the ACM},
	month = {mar},
	pages = {33–-35},
	numpages = {3}
}

@article{Wing:08,
  author = "Wing, {Jeannette M.}",
  title = "Computational thinking and thinking about computing",
  journal = "Phil. Trans. R. Soc. A.",
  volume = "366",
  pages = "3717--3725",
  year = 2008
}

